@article{o1996watermarking,
  title={Watermarking digital images for copyright protection},
  author={\'{O} Ruanaidh, JJK and Dowling, WJ and Boland, FM},
  journal={IEE Proceedings-Vision, Image and Signal Processing},
  volume={143},
  number={4},
  pages={250--256},
  year={1996},
  publisher={IET}
}

@inproceedings{deguillaume1999robust,
  title={Robust {3D} {DFT} video watermarking},
  author={Deguillaume, Frederic and Csurka, Gabriela and \'{O} Ruanaidh, Joseph JK and Pun, Thierry},
  booktitle={Security and Watermarking of Multimedia Contents},
  volume={3657},
  pages={113--124},
  year={1999},
  organization={International Society for Optics and Photonics}
}

@inproceedings{csurka1999bayesian,
  title={A {B}ayesian approach to affine transformation resistant image and video watermarking},
  author={Csurka, Gabriella and Deguillaume, Fr{\'e}d{\'e}ric and \'O Ruanaidh, Joseph JK and Pun, Thierry},
  booktitle={International Workshop on Information Hiding},
  pages={270--285},
  year={1999},
  organization={Springer, Berlin, Heidelberg}
}

@inproceedings{pereira1999secure,
  title={Secure robust digital watermarking using the lapped orthogonal transform},
  author={Pereira, Shelby and \'{O} Ruanaidh, Joseph JK and Pun, Thierry},
  booktitle={Security and Watermarking of Multimedia Contents},
  volume={3657},
  pages={21--30},
  year={1999},
  organization={International Society for Optics and Photonics}
}

@article{o1993identification,
  title={The identification of discontinuities in time series using the {B}ayesian piecewise linear model},
  author={\'{O} Ruanaidh, JJ and Fitzgerald, WJ},
  year={1993},
  journal={Technical Report, University of Cambridge: Department of Engineering},  
}

@article{o1993restoration,
  title={The restoration of digital audio recordings using the Gibbs sampler},
  author={\'{O} Ruanaidh, JJ and Fitzgerald, WJ},
  year={1993},
  journal={Technical Report, University of Cambridge: Department of Engineering},  
}

@article{o2008application,
  title={The application of {B}ayesian spectral analysis to optical sectioning using structured light imaging},
  author={{\'O} RUANAIDH, JJK and McKay, RR and Zhang, Y and Briggs, M and George, J and Masoumi, Z},
  journal={Journal of microscopy},
  volume={232},
  number={1},
  pages={177--185},
  year={2008},
  publisher={Blackwell Publishing Ltd Oxford, UK}
}

@incollection{ruanaidh1996restoration,
  title={Restoration of missing samples in digital audio signals},
  author={ {\'O} Ruanaidh, Joseph JK and Fitzgerald, William J},
  booktitle={Numerical {B}ayesian Methods Applied to Signal Processing},
  pages={122--160},
  year={1996},
  publisher={Springer, New York, NY}
}

@incollection{ruanaidh1996probabilistic,
  title={Probabilistic Inference in Signal Processing},
  author={ {\'O} Ruanaidh, Joseph JK and Fitzgerald, William J},
  booktitle={Numerical {B}ayesian Methods Applied to Signal Processing},
  pages={6--25},
  year={1996},
  publisher={Springer, New York, NY}
}

@incollection{ruanaidh1996numerical,
  title={Numerical {B}ayesian Inference},
  author={ {\'O} Ruanaidh, Joseph JK and Fitzgerald, William J},
  booktitle={Numerical {B}ayesian Methods Applied to Signal Processing},
  pages={26--68},
  year={1996},
  publisher={Springer, New York, NY}
}

@incollection{ruanaidh1996integration,
  title={Integration in {B}ayesian Data Analysis},
  author={ {\'O} Ruanaidh, Joseph JK and Fitzgerald, William J},
  booktitle={Numerical {B}ayesian Methods Applied to Signal Processing},
  pages={161--193},
  year={1996},
  publisher={Springer, New York, NY}
}

@inproceedings{herrigel1998secure,
  title={Secure copyright protection techniques for digital images},
  author={Herrigel, Alexander and {\'O} Ruanaidh, Joseph and Petersen, Holger and Pereira, Shelby and Pun, Thierry},
  booktitle={International Workshop on Information Hiding},
  pages={169--190},
  year={1998},
  organization={Springer, Berlin, Heidelberg}
}

@article{ruanaidh1999cryptographic,
  title={Cryptographic copyright protection for digital images based on watermarking techniques},
  author={ {\'O} Ruanaidh, Joseph and Petersen, Holger and Herrigel, Alexander and Pereira, Shelby and Pun, Thierry},
  journal={Theoretical Computer Science},
  volume={226},
  number={1-2},
  pages={117--142},
  year={1999},
  publisher={Elsevier}
}

@incollection{herrigel1997copyright,
  title={A copyright protection environment for digital images},
  author={Herrigel, Alexander and Perrig, Adrian and  {\'O} Ruanaidh, Joseph JK},
  booktitle={Verl{\"a}{\ss}liche IT-Systeme},
  pages={1--16},
  year={1997},
  publisher={Vieweg+ Teubner Verlag}
}

@inproceedings{herrigel1998copyright,
  title={Copyright techniques for digital images based on asymmetric cryptographic techniques},
  author={Herrigel, Alexander and Petersen, Holger and  {\'O} Ruanaidh, Joseph and Pun, Thierry and Shelby, Pereira},
  booktitle={Workshop on Information Hiding, Portland, Oregon, USA},
  year={1998}
}

@misc{ruanaidh2016system,
  title={System for preparing an image for segmentation},
  author={ {\'O} Ruanaidh, Joseph},
  year={2016},
  month=mar # "~1",
  note={US Patent 9,275,465}
}

@misc{ruanaidh2010system,
  title={System and method for optical section image line removal},
  author={ {\'O} Ruanaidh, Joseph John Kevin and Zhang, Yang and Emeric, Pierre and Swiatek, Marcin R and Rozenfeld, Vadim},
  year={2010},
  month=jun # "~1",
  note={US Patent 7,729,559}
}

@misc{ruanaidh2013system,
  title={System and method for tracking the movement of biological materials},
  author={ {\'O} Ruanaidh, Joseph and Swiatek, Marcin and Li, Xudong and Kalusche, Geert},
  year={2013},
  month=jun # "~11",
  note={US Patent 8,463,015}
}

@misc{ruanaidh2007system,
  title={System and method for providing an optical section image by direct phase angle determination and use of more than three images},
  author={ {\'O} Ruanaidh, Joseph and Zhang, Yang and Emeric, Pierre and Swiatek, Marcin and Rozenfeld, Vadim},
  year={2007},
  month=aug # "~2",
  note={US Patent App. 11/341,935}
}

@inproceedings{balan2000influence,
  title={The influence of windowing on time delay estimates},
  author={Balan, Radu and Rosca, Justinian and Rickard, Scott and  {\'O} Ruanaidh, Joseph},
  booktitle={Proceedings of the 2000 CISS},
  pages={15--17},
  year={2000}
}

@INPROCEEDINGS{Rosca00broadbanddirection-of-arrival,
    author = {Rosca, Justinian and \'O Ruanaidh, Joseph  and  Jourjine, Alexander and  Rickard, Scott},
    title = {Broadband Direction-Of-Arrival Estimation Based On Second Order Statistics},
    booktitle = {in Advances in NIPS 12},
    year = {2000},
    pages = {775--781},
    publisher = {MIT Press}
}


@inproceedings{o1998secure,
  title={Secure robust digital image watermark},
  author={\'{O} Ruanaidh, Joseph JK and Pereira, Shelby},
  booktitle={Electronic Imaging: Processing, Printing, and Publishing in Color},
  volume={3409},
  pages={150--163},
  year={1998},
  organization={International Society for Optics and Photonics}
}


@inproceedings{ruanaidhj,
  title={Rotation, Scale and Translation Invariant Digital Image Watermarking},
  author={{\'O}  Ruanaidh, J. and Pun, T.},
  booktitle={Proc. Int. Conf. Image Processing},
  pages={26--29},
  year={1997}
}

@book{ruanaidhjjk,
  title={Numerical {B}ayesian Methods Applied to Signal Processing},
  author={{\'O} Ruanaidh, JJK and Fitzgerald, WJ },
  subtitle={Statistics and Computing},
  year={1996},
  publisher={Springer New York}
}

@article{ruanaidh1998rotation,
  title={Rotation, scale and translation invariant spread spectrum digital image watermarking},
  author={Ruanaidh, Joseph JK {\`O} and Pun, Thierry},
  journal={{S}ignal {P}rocessing},
  volume={66},
  number={3},
  pages={303--317},
  year={1998},
  publisher={Elsevier}
}

@article{csurka1999tatouage,
  title={Tatouage d'images bas{\'e} sur la transform{\'e}e de {F}ourier discr{\`e}te},
  author={Csurka, Gabriela Otilia and Deguillaume, Fr{\'e}d{\'e}ric and \'{O} Ruanaidh, Jos{\'e}ph John and Pun, Thierry},
  journal={5{\`e}mes Journ{\'e}es d'{\'e}tudes et d'{\'e}changes" Compression et Repr{\'e}sentation des Signaux Audiovisuels''(CORESA 99)},
  year={1999}
}

@misc{o2013method,
  title={Method for detecting and locating a target using phase information},
  author={{\'O} Ruanaidh, Joseph and Vecchio, Christopher J and Rambod, Edmond},
  year={2013},
  month=feb # "~12",
  note={US Patent 8,372,006}
}

@misc{o2012use,
  title={Use of coded excitation schemes in the detection and location of a target in a human body such as breast calcifications},
  author={Graff, David Steven and \'O Ruanaidh, Joseph and Vecchio, Christopher J and Rambod, Edmond and Snukal, Robert M},
  year={2012},
  month=feb # "~7",
  note={US Patent 8,109,878}
}

@article{ruanaidh1994interpolation,
  title={Interpolation of missing samples for audio restoration},
  author={{\'O} Ruanaidh, JJK  and Fitzgerald, WJ},
  journal={Electronics Letters},
  volume={30},
  number={8},
  pages={622--623},
  year={1994},
  publisher={IET}
}

@inproceedings{ruanaidh1999bayesian,
  title={A {B}ayesian approach to spread spectrum watermark detection and secure copyright protection for digital image libraries},
  author={{\'O} Ruanaidh, Joseph JK and Csurka, Gabriella},
  booktitle={Proceedings. 1999 IEEE Computer Society Conference on Computer Vision and Pattern Recognition (Cat. No PR00149)},
  volume={1},
  pages={207--212},
  year={1999},
  organization={IEEE}
}

@misc{o2014method,
  title={Method of locating the position of a microcalcification in a human breast},
  author={{\'O} Ruanaidh, Joseph J and Vecchio, Christopher J and Rambod, Edmond},
  year={2014},
  month=jan # "~7",
  note={US Patent 8,622,909}
}

@inproceedings{zhao1999digital,
  title={Digital watermarking: what will it do for me? And what it won't!},
  author={Zhao, Jian and Koch, Eckhard and {\'O} Ruanaidh, Joe and Yeung, Minerva M},
  booktitle={ACM SIGGRAPH 99 Conference abstracts and applications},
  pages={153--155},
  year={1999}
}

@inproceedings{rauber1997secure,
  title={Secure distribution of watermarked images for a digital library of ancient papers},
  author={Rauber, Christian and {\'O} Ruanaidh, Joe and Pun, Thierry},
  booktitle={Proceedings of the second ACM international conference on Digital libraries},
  pages={123--130},
  year={1997}
}


@techreport{deguillaume1998invariant,
        author={Deguillaume,Fr\'ed\'eric and Csurka, Gabriela O. and Pereira,Shelby and {\'O} Ruanaidh,Joséph J. and Pun,Thierry},
        year={1998},
        title={Invariant watermarking using discrete {F}ourier transform and template matching},
        note={ID: unige:48063},
        language={eng},
	institution={University of Geneva},
        url={https://archive-ouverte.unige.ch/unige:48063},
}


@techreport{perrig1997design,
        author={Perrig,Adrian and {\'O} Ruanaidh,Joséph J. and Rauber,Christian and Herrigel,Alexander and Pun,Thierry},
        year={1997},
        title={The design of a digital watermarking application},
        note={ID: unige:48042},
        keywords={Watermarking},
        language={eng},
        institution={University of Geneva},
        url={https://archive-ouverte.unige.ch/unige:48042},
}

@inproceedings{o1999watermarking,
  title={Watermarking methods},
  author={{\'O} Ruanaidh, Jos{\'e}ph John and Csurka, Gabriela Otilia},
  booktitle={26th International Conference on Computer Graphics and Interactive Techniques (SIGGRAPH'99)},
  year={1999}
}

@techreport{csurka1999imnvariant,
        author={Csurka,Gabriela O. and Deguillaume,Frédéric and Pereira,Shelby and \'O Ruanaidh,Joséph J. and Voloshynovskyy,Svyatoslav and Pun,Thierry},
        year={1999},
        title={Invariant watermarking using discrete {F}ourier transform and template matching},
        note={ID: unige:48062},
        language={eng},
	institution={University of Geneva},
        url={https://archive-ouverte.unige.ch/unige:48062},
}

@inproceedings{pereira1999template,
  title={Template based recovery of {F}ourier-based watermarks using log-polar and log-log maps},
  author={Pereira, Shelby and {\'O} Ruanaidh, Joseph JK and Deguillaume, Frederic and Csurka, Gabriela and Pun, Thierry},
  booktitle={Proceedings IEEE International Conference on Multimedia Computing and Systems},
  volume={1},
  pages={870--874},
  year={1999},
  organization={IEEE}
}

@inproceedings{herrigel2003secure,
  title={Secure Copyright Protection Techniques for Digital Images},
  author={Herrigel, Alexander and {\'O} Ruanaidh, Joseph and Petersen, Holger and Pereira, Shelby and Pun, Thierry},
  booktitle={Information Hiding: Second International Workshop, IH’98, Portland, Oregon, USA, April 14--17, 1998, Proceedings},
  pages={169},
  year={2003},
  organization={Springer}
}

@book{joseph1996ruanaidh,
  author={{\'O} Ruanaidh, JJK and Fitzgerald, William J. },
  title={Numerical {B}ayesian Methods},
  year={1996},
  PUBLISHER = {Springer Verlag}
}

@article{joseph1998ruanaidh,
  title={Rotation, Scale and Translation Invariant Digital Image Watermarking},
  author={{\'O} Ruanaidh, JJK and Pun, Thierry},
  journal={Signal Processing},
  volume={66},
  number={3},
  pages={303--317},
  year={1998}
}

@inproceedings{o1997krypict,
  title={Krypict: a software environment for copyrighting, authenticating, archiving and retrieving pictorial documents in multimedia databases},
  author={{\'O} Ruanaidh, J and Rauber, C and Buisson, JF and Tschudin, P and Gschwind, R and Papiermuseum, Basler},
  booktitle={Proceedings of the Conference of the Swiss Priority Programme on Information and Communication Structures (SPP ICS)},
  year={1997}
}
